\begin{thebibliography}
@misc{city, title={City and Town Population Totals: 2010-2018}, url={https://www.census.gov/data/tables/time-series/demo/popest/2010s-total-cities-and-towns.html}, journal={The United States Census Bureau}, author={US Census Bureau}, year={2020}, month={Mar}} 

@misc{state, title={State Population Totals: 2010-2019}, url={https://www.census.gov/data/tables/time-series/demo/popest/2010s-state-total.html}, journal={The United States Census Bureau}, author={US Census Bureau}, year={2019}, month={Dec}}

@misc{FEC, title={Browse data}, url={https://www.fec.gov/data/browse-data/?tab=bulk-data}, journal={FEC Browse Data}, author={Federal Election Commission}} 

\end{thebibliography}
